@online{iea1,
  title  = {{Global EV Outlook 2020}},
  author = {Not Found},
  month  = jun,
  year   = {2020},
  note   = {\url{https://www.iea.org/reports/global-ev-outlook-2020} [Online; accessed 30-November-2020]}
}

@online{mam1,
  title  = {{Electric Vehicle Market by Vehicle (Passenger Cars \& Commercial Vehicles), Vehicle Class (Mid-priced \& Luxury), Propulsion (BEV, PHEV \& FCEV), EV Sales (OEMs/Models) Charging Station (Normal \& Super) \& Region - Global Forecast to 2030}},
  author = {Not Found},
  month  = jun,
  year   = {2019},
  note   = {\url{https://www.marketsandmarkets.com/Market-Reports/electric-vehicle-market-209371461.html#:~:text=The%20Electric%20Vehicles%20Market%20is,is%20from%202019%20to%202030.} [Online; accessed 30-November-2020]}
}

@online{avi1,
  title  = {{The global electric vehicle market in 2020: statistics & forecasts}},
  author = {Not Found},
  year   = {2019},
  note   = {\url{https://leftronic.com/android-vs-ios-market-share/#Top_Mobile_OS} [Online; accessed 30-November-2020]}
}

@online{diagrams_net,
  title = {{diagrams.net}},
  note  = {\url{https://app.diagrams.net} [Online; accessed 30-November-2020]}
}

@online{rest_api_best,
  title  = {{RESTful API Design: 13 Best Practices to Make Your Users Happy}},
  author = {Not Found},
  day    = 26,
  month  = aug,
  year   = {2018},
  note   = {\url{https://florimond.dev/blog/articles/2018/08/restful-api-design-13-best-practices-to-make-your-users-happy/} [Online; accessed 03-Decemberer-2020]}
}

@online{google_cloud,
  title  = {{Google Cloud}},
  author = {Not Found},
  note   = {\url{https://cloud.google.com} [Online; accessed 03-December-2020]}
}

@online{maps_sdk,
  title  = {{Maps SDK for Android}},
  author = {Not Found},
  day    = 19,
  month  = nov,
  year   = {2020},
  note   = {\url{https://developers.google.com/maps/documentation/android-sdk/overview} [Online; accessed 03-December-2020]}
}

@online{android_doc,
  title = {{Build anything on Android}},
  note  = {\url{https://developer.android.com} [Online; accessed 03-December-2020]}
}

@online{android_studio,
  title = {{Android Studio provides the fastest tools for building apps on every type of Android device.}},
  note  = {\url{https://developer.android.com/studio} [Online; accessed 03-December-2020]}
}

@online{mongodb_doc,
  title = {{Get started with MongoDB}},
  note  = {\url{https://docs.mongodb.com} [Online; accessed 03-December-2020]}
}

@online{mongodb,
  title = {{What Is MongoDB?}},
  note  = {\url{https://www.mongodb.com/what-is-mongodb} [Online; accessed 03-December-2020]}
}

@online{golang1,
  title = {{Documentation}},
  note  = {\url{https://golang.org/doc/} [Online; accessed 03-December-2020]}
}

@online{golang2,
  title = {{Go by Example}},
  note  = {\url{https://gobyexample.com} [Online; accessed 03-December-2020]}
}

@online{golang3,
  title = {{The Go Project}},
  note  = {\url{https://golang.org/project/} [Online; accessed 03-December-2020]}
}

@online{godoc,
  title = {{Search for Go Packages}},
  note  = {\url{https://godoc.org} [Online; accessed 03-December-2020]}
}

@online{docker,
  title = {{What is a Container?}},
  note  = {\url{https://www.docker.com/resources/what-container} [Online; accessed 03-December-2020]}
}

@online{docker_doc,
  title = {{Orientation and setup}},
  note  = {\url{https://docs.docker.com/get-started/} [Online; accessed 03-December-2020]}
}

@online{java_doc,
  title = {{javadoc.io}},
  note  = {\url{https://www.javadoc.io} [Online; accessed 03-December-2020]}
}

@online{gradle,
  title = {{Accelerate developer productivity}},
  note  = {\url{https://gradle.org} [Online; accessed 03-December-2020]}
}

@online{redis,
  title = {{Documentation}},
  note  = {\url{https://redis.io/documentation} [Online; accessed 03-December-2020]}
}

@online{jwt,
  title = {{Introduction to JSON Web Tokens}},
  note  = {\url{https://jwt.io/introduction/} [Online; accessed 03-December-2020]}
}


@online{gradle_android_doc,
  title = {{Configure your build}},
  day   = 28,
  month = oct,
  year  = {2020},
  note  = {\url{https://developer.android.com/studio/build/index.html} [Online; accessed 03-December-2020]}
}

